<?xml version="1.0" encoding="UTF-8"?>
<record>
  <leader>01528nas a2200361#c 4500</leader>
  <controlfield tag="005">20220903091026.0</controlfield>
  <controlfield tag="007">tu</controlfield>
  <controlfield tag="008">991120d19751975gw u||p|  s|| 0||||1ger c</controlfield>
  <controlfield tag="003">DE-605</controlfield>
  <controlfield tag="001">990103899140206441</controlfield>
  <datafield tag="016" ind1="7" ind2=" ">
    <subfield code="a">590016-5</subfield>
    <subfield code="2">DE-600</subfield>
  </datafield>
  <datafield tag="016" ind1="7" ind2=" ">
    <subfield code="a">01335941X</subfield>
    <subfield code="2">DE-101</subfield>
  </datafield>
  <datafield tag="035" ind1=" " ind2=" ">
    <subfield code="a">(DE-599)ZDB590016-5</subfield>
  </datafield>
  <datafield tag="035" ind1=" " ind2=" ">
    <subfield code="a">(OCoLC)1367753905</subfield>
  </datafield>
  <datafield tag="035" ind1=" " ind2=" ">
    <subfield code="a">(DE-600)590016-5</subfield>
  </datafield>
  <datafield tag="035" ind1=" " ind2=" ">
    <subfield code="a">(DE-101)01335941X</subfield>
  </datafield>
  <datafield tag="040" ind1=" " ind2=" ">
    <subfield code="a">9001</subfield>
    <subfield code="b">ger</subfield>
    <subfield code="c">DE-101</subfield>
    <subfield code="d">9999</subfield>
  </datafield>
  <datafield tag="041" ind1=" " ind2=" ">
    <subfield code="a">ger</subfield>
  </datafield>
  <datafield tag="044" ind1=" " ind2=" ">
    <subfield code="c">XA-DE</subfield>
  </datafield>
  <datafield tag="084" ind1=" " ind2=" ">
    <subfield code="a">310</subfield>
    <subfield code="q">DE-600</subfield>
    <subfield code="2">sdnb</subfield>
  </datafield>
  <datafield tag="110" ind1="1" ind2=" ">
    <subfield code="a">Rheinland-Pfalz</subfield>
    <subfield code="b">Statistisches Landesamt</subfield>
    <subfield code="0">(DE-588)36467-8</subfield>
    <subfield code="4">aut</subfield>
  </datafield>
  <datafield tag="245" ind1="1" ind2="0">
    <subfield code="a">Statistische Berichte des Statistischen Landesamtes Rheinland-Pfalz</subfield>
    <subfield code="n">L</subfield>
    <subfield code="p">Finanzen und Steuern</subfield>
    <subfield code="n">IV</subfield>
    <subfield code="n">6</subfield>
    <subfield code="p">Einheitswerte des Grundvermögens nach der Hauptfeststellung : Gemeindeergebnisse</subfield>
  </datafield>
  <datafield tag="246" ind1="1" ind2="9">
    <subfield code="a">Statistische Berichte des Statistischen Landesamtes Rheinland-Pfalz / L / 4 / 6</subfield>
  </datafield>
  <datafield tag="264" ind1="3" ind2="1">
    <subfield code="a">Bad Ems</subfield>
    <subfield code="b">Statist. Landesamt</subfield>
    <subfield code="c">1975-1975</subfield>
  </datafield>
  <datafield tag="336" ind1=" " ind2=" ">
    <subfield code="b">txt</subfield>
  </datafield>
  <datafield tag="337" ind1=" " ind2=" ">
    <subfield code="b">n</subfield>
  </datafield>
  <datafield tag="338" ind1=" " ind2=" ">
    <subfield code="b">nc</subfield>
  </datafield>
  <datafield tag="362" ind1="0" ind2=" ">
    <subfield code="a">1964(1975); damit Ersch. eingest.</subfield>
  </datafield>
  <datafield tag="363" ind1="0" ind2="0">
    <subfield code="8">1.1\x</subfield>
    <subfield code="i">1964</subfield>
  </datafield>
  <datafield tag="655" ind1=" " ind2="7">
    <subfield code="a">Zeitschrift</subfield>
    <subfield code="0">(DE-588)4067488-5</subfield>
    <subfield code="2">gnd-content</subfield>
  </datafield>
  <datafield tag="655" ind1=" " ind2="7">
    <subfield code="a">Statistik</subfield>
    <subfield code="0">(DE-588)4056995-0</subfield>
    <subfield code="2">gnd-content</subfield>
  </datafield>
  <datafield tag="MBD" ind1=" " ind2=" ">
    <subfield code="M">49HBZ_NETWORK</subfield>
    <subfield code="i">990103899140206441</subfield>
    <subfield code="n">HBZ Network</subfield>
  </datafield>
  <datafield tag="MBD" ind1=" " ind2=" ">
    <subfield code="M">49HBZ_BRIDGE_LBZ</subfield>
    <subfield code="i">99154896207506</subfield>
    <subfield code="n">Rheinische Landesbibliothek Koblenz</subfield>
  </datafield>
  <datafield tag="MNG" ind1=" " ind2=" ">
    <subfield code="c">System</subfield>
    <subfield code="f">ZDB</subfield>
    <subfield code="i">marc21</subfield>
    <subfield code="h">20220903091026.0</subfield>
    <subfield code="k">01</subfield>
    <subfield code="e">false</subfield>
    <subfield code="d">2023-04-23 11:34:30 Europe/Berlin</subfield>
    <subfield code="g">010389914-HBZ01</subfield>
    <subfield code="j">90</subfield>
    <subfield code="a">import</subfield>
    <subfield code="b">2021-04-06 02:24:45 Europe/Berlin</subfield>
  </datafield>
  <datafield tag="H16" ind1="7" ind2=" ">
    <subfield code="a">590016-5</subfield>
    <subfield code="2">DE-600</subfield>
    <subfield code="8">2263335540007506</subfield>
  </datafield>
  <datafield tag="H35" ind1=" " ind2=" ">
    <subfield code="a">(DE-600)03268651X</subfield>
    <subfield code="8">2263335540007506</subfield>
  </datafield>
  <datafield tag="H92" ind1=" " ind2=" ">
    <subfield code="a">670100-0</subfield>
    <subfield code="8">2263335540007506</subfield>
  </datafield>
  <datafield tag="H52" ind1="8" ind2="1">
    <subfield code="t">1</subfield>
    <subfield code="c">kA</subfield>
    <subfield code="h">Per. 5157</subfield>
    <subfield code="8">1</subfield>
    <subfield code="b">R0003</subfield>
    <subfield code="8">2263335540007506</subfield>
  </datafield>
  <datafield tag="H59" ind1="1" ind2="0">
    <subfield code="8">1.2\x</subfield>
    <subfield code="8">2263335540007506</subfield>
  </datafield>
  <datafield tag="H59" ind1="0" ind2="0">
    <subfield code="8">1.1\x</subfield>
    <subfield code="i">1964</subfield>
    <subfield code="8">2263335540007506</subfield>
  </datafield>
  <datafield tag="H66" ind1="3" ind2="0">
    <subfield code="a">1964(1975)</subfield>
    <subfield code="8">2263335540007506</subfield>
  </datafield>
  <datafield tag="HOL" ind1=" " ind2=" ">
    <subfield code="d">2023-04-05 08:25:23</subfield>
    <subfield code="8">2263335540007506</subfield>
    <subfield code="b">2023-04-05 08:25:23</subfield>
    <subfield code="M">49HBZ_BRIDGE_LBZ</subfield>
    <subfield code="g">false</subfield>
    <subfield code="a">System</subfield>
    <subfield code="c">System</subfield>
  </datafield>
</record>
